%% This BibTeX bibliography file was created using BibDesk.
%% http://bibdesk.sourceforge.net/

%% Created for Daekun Kim at 2018-03-28 17:02:17 -0700 


%% Saved with string encoding Unicode (UTF-8) 



@misc{ADOBEF:2017,
	Date-Added = {2018-03-29 00:01:09 +0000},
	Date-Modified = {2018-03-29 00:02:13 +0000},
	Month = {April},
	Title = {Bezier {Pen} {Tool} - {Flash} {Professional} {CS5}},
	Howpublished = {Retrieved from https://helpx.adobe.com/flash/kb/bezier-pen-tool-flash-professional.html},
	Year = {2017}}

@misc{MAYA:2017,
	Date-Added = {2018-03-28 23:23:18 +0000},
	Date-Modified = {2018-03-29 00:00:17 +0000},
	Howpublished = {Retrieved from https://knowledge.autodesk.com/ support/maya/learn-explore/caas/CloudHelp/cloudhelp/2018/ENU/Maya-Modeling/files/GUID-5A399D05-9271-4517-8370-0533DC468277-htm.html},
	Lastchecked = {2018-03-25},
	Month = {December},
	Title = {Bezier curves},
	Urldate = {2017-12-14},
	Year = {2017}}

@article{DECAST:1959,
	Author = {Paul de Casteljau},
	Date-Added = {2018-03-28 23:21:31 +0000},
	Date-Modified = {2018-03-28 23:45:49 +0000},
	Journal = {Andr{\'e} Citro{\"e}n Automobiles SA, Paris},
	Title = {Outillages m{\'e}thodes calcul},
	Year = {1959}}

@book{PRAUTZ:2013,
	Author = {H Prautzsch and W Boehm and M Paluszny},
	Date-Added = {2018-03-28 23:17:39 +0000},
	Date-Modified = {2018-03-28 23:52:57 +0000},
	Publisher = {Springer Science \& Business Media},
	Title = {B{\'e}zier and {B}-spline techniques},
	Year = {2013}}

@MISC {BUBBA:2015,
	TITLE = {Bezier curve coefficients intuition},
	AUTHOR = {bubba (https://math.stackexchange.com/users/31744/bubba)},
	HOWPUBLISHED = {Mathematics Stack Exchange. Retrieved from https://math.stackexchange.com/q/1589350},
	YEAR={2015},
	MONTH = {December},
}
